@ARTICLE{Antolin2016,
       author = {{Antolin}, P. and {De Moortel}, I. and {Van Doorsselaere}, T. and
         {Yokoyama}, T.},
        title = "{Modeling Observed Decay-less Oscillations as Resonantly Enhanced Kelvin-Helmholtz Vortices from Transverse MHD Waves and Their Seismological Application}",
      journal = {\apjl},
     keywords = {magnetohydrodynamics: MHD, Sun: activity, Sun: corona, Sun: oscillations, Astrophysics - Solar and Stellar Astrophysics},
         year = 2016,
        month = oct,
       volume = {830},
       number = {2},
          eid = {L22},
        pages = {L22},
          doi = {10.3847/2041-8205/830/2/L22},
archivePrefix = {arXiv},
       eprint = {1609.09716},
 primaryClass = {astro-ph.SR},
       adsurl = {https://ui.adsabs.harvard.edu/abs/2016ApJ...830L..22A},
      adsnote = {Provided by the SAO/NASA Astrophysics Data System}
}


@ARTICLE{Arregui2003,
       author = {{Arregui}, I. and {Oliver}, R. and {Ballester}, J.~L.},
        title = "{Coupling of fast and Alfv{\'e}n waves in a straight bounded magnetic field with density stratification}",
      journal = {\aap},
     keywords = {magnetohydrodynamics (MHD), methods: numerical, Sun: oscillations, Sun: magnetic fields},
         year = 2003,
        month = may,
       volume = {402},
        pages = {1129-1143},
          doi = {10.1051/0004-6361:20030312},
       adsurl = {https://ui.adsabs.harvard.edu/abs/2003A&A...402.1129A},
      adsnote = {Provided by the SAO/NASA Astrophysics Data System}
}

@ARTICLE{Arregui2015,
   author = {{Arregui}, I.},
    title = "{Wave heating of the solar atmosphere}",
  journal = {Philosophical Transactions of the Royal Society of London Series A},
archivePrefix = "arXiv",
   eprint = {1501.06708},
 primaryClass = "astro-ph.SR",
 keywords = {Sun, magnetic fields, magnetohydrodynamics, waves, coronal heating   },
     year = 2015,
    month = apr,
   volume = 373,
    pages = {20140261-20140261},
      doi = {10.1098/rsta.2014.0261},
   adsurl = {https://ui.adsabs.harvard.edu/abs/2015RSPTA.37340261A},
  adsnote = {Provided by the SAO/NASA Astrophysics Data System}
}

@ARTICLE{Cally2011,
   author = {{Cally}, P.~S. and {Hansen}, S.~C.},
    title = "{Benchmarking Fast-to-Alfv{\'e}n Mode Conversion in a Cold Magnetohydrodynamic Plasma}",
  journal = {\apj},
archivePrefix = "arXiv",
   eprint = {1105.5754},
 primaryClass = "astro-ph.SR",
 keywords = {magnetohydrodynamics: MHD, Sun: oscillations, sunspots},
     year = 2011,
    month = sep,
   volume = 738,
      eid = {119},
    pages = {119},
      doi = {10.1088/0004-637X/738/2/119},
   adsurl = {https://ui.adsabs.harvard.edu/abs/2011ApJ...738..119C},
  adsnote = {Provided by the SAO/NASA Astrophysics Data System}
}

@ARTICLE{Cargill2016,
       author = {{Cargill}, P.~J. and {De Moortel}, I. and {Kiddie}, G.},
        title = "{Coronal Density Structure and its Role in Wave Damping in Loops}",
      journal = {\apj},
     keywords = {Sun: corona},
         year = 2016,
        month = may,
       volume = {823},
       number = {1},
          eid = {31},
        pages = {31},
          doi = {10.3847/0004-637X/823/1/31},
       adsurl = {https://ui.adsabs.harvard.edu/abs/2016ApJ...823...31C},
      adsnote = {Provided by the SAO/NASA Astrophysics Data System}
}

@ARTICLE{Cranmer2005,
   author = {{Cranmer}, S.~R. and {van Ballegooijen}, A.~A.},
    title = "{On the Generation, Propagation, and Reflection of Alfv{\'e}n Waves from the Solar Photosphere to the Distant Heliosphere}",
  journal = {\apjs},
   eprint = {astro-ph/0410639},
 keywords = {Magnetohydrodynamics: MHD, Sun: Solar Wind, Sun: Atmospheric Motions, Sun: Corona, Turbulence, Waves},
     year = 2005,
    month = feb,
   volume = 156,
    pages = {265-293},
      doi = {10.1086/426507},
   adsurl = {https://ui.adsabs.harvard.edu/abs/2005ApJS..156..265C},
  adsnote = {Provided by the SAO/NASA Astrophysics Data System}
}

@ARTICLE{Cranmer2018,
   author = {{Cranmer}, S.~R.},
    title = "{Low-frequency Alfv{\'e}n Waves Produced by Magnetic Reconnection in the Sun{\rsquo}s Magnetic Carpet}",
  journal = {\apj},
archivePrefix = "arXiv",
   eprint = {1805.12184},
 primaryClass = "astro-ph.SR",
 keywords = {magnetic reconnection, magnetohydrodynamics: MHD, solar wind, Sun: corona, Sun: magnetic fields, waves},
     year = 2018,
    month = jul,
   volume = 862,
      eid = {6},
    pages = {6},
      doi = {10.3847/1538-4357/aac953},
   adsurl = {https://ui.adsabs.harvard.edu/abs/2018ApJ...862....6C},
  adsnote = {Provided by the SAO/NASA Astrophysics Data System}
}

@ARTICLE{DeMoortel2012,
   author = {{De Moortel}, I. and {Nakariakov}, V.~M.},
    title = "{Magnetohydrodynamic waves and coronal seismology: an overview of recent results}",
  journal = {Philosophical Transactions of the Royal Society of London Series A},
archivePrefix = "arXiv",
   eprint = {1202.1944},
 primaryClass = "astro-ph.SR",
     year = 2012,
    month = jul,
   volume = 370,
    pages = {3193-3216},
      doi = {10.1098/rsta.2011.0640},
   adsurl = {http://adsabs.harvard.edu/abs/2012RSPTA.370.3193D},
  adsnote = {Provided by the SAO/NASA Astrophysics Data System}
}

@ARTICLE{Goedbloed1994,
       author = {{Goedbloed}, J.~P. and {Halberstadt}, G.},
        title = "{Magnetohydrodynamic waves in coronal flux tubes}",
      journal = {\aap},
     keywords = {MHD, WAVES, SUN: CORONA, SUN: MAGNETIC FIELDS},
         year = 1994,
        month = jun,
       volume = {286},
        pages = {275-301},
       adsurl = {https://ui.adsabs.harvard.edu/abs/1994A&A...286..275G},
      adsnote = {Provided by the SAO/NASA Astrophysics Data System}
}

@ARTICLE{Goossens2011,
   author = {{Goossens}, M. and {Erd{\'e}lyi}, R. and {Ruderman}, M.~S.},
    title = "{Resonant MHD Waves in the Solar Atmosphere}",
  journal = {\ssr},
 keywords = {Plasma, Waves, MHD, Sun},
     year = 2011,
    month = jul,
   volume = 158,
    pages = {289-338},
      doi = {10.1007/s11214-010-9702-7},
   adsurl = {http://cdsads.u-strasbg.fr/abs/2011SSRv..158..289G},
  adsnote = {Provided by the SAO/NASA Astrophysics Data System}
}

@article{Hansen2012,
  title={Benchmarking fast-to-Alfv{\'e}n mode conversion in a cold MHD plasma. II. how to get Alfv{\'e}n waves through the solar transition region},
  author={{Hansen}, S.~C. and {Cally}, P.~S.},
  journal={\apj},
  volume={751},
  number={1},
  pages={31},
  year={2012},
  publisher={IOP Publishing}
}

@ARTICLE{Halberstadt1993,
       author = {{Halberstadt}, G. and {Goedbloed}, J.~P.},
        title = "{The continuous Alfv{\'e}n spectrum of line-tied coronal loops}",
      journal = {\aap},
     keywords = {Continuous Spectra, Coronal Loops, Magnetohydrodynamic Waves, Photosphere, Solar Magnetic Field, Space Plasmas, Boundary Conditions, Convection Cells, Eigenvalues, Lagrangian Function, Mathematical Models, Numerical Analysis, Plasma Physics, Solar Physics},
         year = 1993,
        month = dec,
       volume = {280},
       number = {2},
        pages = {647-660},
       adsurl = {https://ui.adsabs.harvard.edu/abs/1993A&A...280..647H},
      adsnote = {Provided by the SAO/NASA Astrophysics Data System}
}

@ARTICLE{Halberstadt1995,
       author = {{Halberstadt}, G. and {Goedbloed}, J.~P.},
        title = "{Alfv{\'e}n wave heating of coronal loops: photospheric excitation}",
      journal = {\aap},
     keywords = {MHD, METHODS: NUMERICAL, SUN: CORONA, MAGNETIC FIELDS, PLASMAS},
         year = 1995,
        month = sep,
       volume = {301},
        pages = {559},
       adsurl = {https://ui.adsabs.harvard.edu/abs/1995A&A...301..559H},
      adsnote = {Provided by the SAO/NASA Astrophysics Data System}
}

@ARTICLE{Heyvaerts1983,
       author = {{Heyvaerts}, J. and {Priest}, E.~R.},
        title = "{Coronal heating by phase-mixed shear Alfven waves.}",
      journal = {\aap},
     keywords = {Magnetohydrodynamic Stability, Magnetohydrodynamic Waves, Multiphase Flow, Ohmic Dissipation, Solar Corona, Solar Heating, Kelvin-Helmholtz Instability, Propagation Velocity, S Waves, Standing Waves, Velocity Distribution, Wave Propagation, Solar Physics},
         year = 1983,
        month = jan,
       volume = {117},
        pages = {220-234},
       adsurl = {https://ui.adsabs.harvard.edu/abs/1983A&A...117..220H},
      adsnote = {Provided by the SAO/NASA Astrophysics Data System}
}

@ARTICLE{Hollweg1984,
   author = {{Hollweg}, J.~V.},
    title = "{Resonances of coronal loops}",
  journal = {\apj},
 keywords = {Coronal Loops, Energy Transfer, Magnetohydrodynamic Waves, Plasma Resonance, Solar Corona, Cavity Resonators, Energy Dissipation, Flux Density, Kelvin-Helmholtz Instability, Kolmogoroff Theory},
     year = 1984,
    month = feb,
   volume = 277,
    pages = {392-403},
      doi = {10.1086/161706},
   adsurl = {http://adsabs.harvard.edu/abs/1984ApJ...277..392H},
  adsnote = {Provided by the SAO/NASA Astrophysics Data System}
}

@ARTICLE{Hood2013,
       author = {{Hood}, A.~W. and {Ruderman}, M. and {Pascoe}, D.~J. and {De Moortel}, I. and {Terradas}, J. and {Wright}, A.~N.},
        title = "{Damping of kink waves by mode coupling. I. Analytical treatment}",
      journal = {\aap},
     keywords = {magnetohydrodynamics (MHD), Sun: atmosphere, Sun: corona, Sun: magnetic topology, Sun: oscillations, waves},
         year = 2013,
        month = mar,
       volume = {551},
          eid = {A39},
        pages = {A39},
          doi = {10.1051/0004-6361/201220617},
       adsurl = {https://ui.adsabs.harvard.edu/abs/2013A&A...551A..39H},
      adsnote = {Provided by the SAO/NASA Astrophysics Data System}
}

@ARTICLE{Howson2017,
       author = {{Howson}, T.~A. and {De Moortel}, I. and {Antolin}, P.},
        title = "{Energetics of the Kelvin-Helmholtz instability induced by transverse waves in twisted coronal loops}",
      journal = {\aap},
     keywords = {Sun: corona, Sun: magnetic fields, Sun: oscillations, magnetohydrodynamics (MHD), Astrophysics - Solar and Stellar Astrophysics},
         year = 2017,
        month = nov,
       volume = {607},
          eid = {A77},
        pages = {A77},
          doi = {10.1051/0004-6361/201731178},
archivePrefix = {arXiv},
       eprint = {1708.04124},
 primaryClass = {astro-ph.SR},
       adsurl = {https://ui.adsabs.harvard.edu/abs/2017A&A...607A..77H},
      adsnote = {Provided by the SAO/NASA Astrophysics Data System}
}

@article{Ionson1982,
  title={Resonant electrodynamic heating of stellar coronal loops: an lrc circuit analog},
  author={{Ionson}, J.~A},
  journal={\apj},
  volume={254},
  pages={318--334},
  year={1982}
}

@ARTICLE{Klimchuk2015,
   author = {{Klimchuk}, J.~A.},
    title = "{Key aspects of coronal heating}",
  journal = {Philosophical Transactions of the Royal Society of London Series A},
archivePrefix = "arXiv",
   eprint = {1410.5660},
 primaryClass = "astro-ph.SR",
 keywords = {corona, coronal heating, magnetic fields  },
     year = 2015,
    month = apr,
   volume = 373,
    pages = {20140256-20140256},
      doi = {10.1098/rsta.2014.0256},
   adsurl = {http://cdsads.u-strasbg.fr/abs/2015RSPTA.37340256K},
  adsnote = {Provided by the SAO/NASA Astrophysics Data System}
}

@ARTICLE{McIntosh2011,
   author = {{McIntosh}, S.~W. and {de Pontieu}, B. and {Carlsson}, M. and 
	{Hansteen}, V. and {Boerner}, P. and {Goossens}, M.},
    title = "{Alfv{\'e}nic waves with sufficient energy to power the quiet solar corona and fast solar wind}",
  journal = {\nat},
     year = 2011,
    month = jul,
   volume = 475,
    pages = {477-480},
      doi = {10.1038/nature10235},
   adsurl = {http://adsabs.harvard.edu/abs/2011Natur.475..477M},
  adsnote = {Provided by the SAO/NASA Astrophysics Data System}
}

@ARTICLE{McIntosh2012,
   author = {{McIntosh}, S.~W. and {De Pontieu}, B.},
    title = "{Estimating the ``Dark'' Energy Content of the Solar Corona}",
  journal = {\apj},
archivePrefix = "arXiv",
   eprint = {1211.4178},
 primaryClass = "astro-ph.SR",
 keywords = {Sun: chromosphere, Sun: corona, waves},
     year = 2012,
    month = dec,
   volume = 761,
      eid = {138},
    pages = {138},
      doi = {10.1088/0004-637X/761/2/138},
   adsurl = {https://ui.adsabs.harvard.edu/abs/2012ApJ...761..138M},
  adsnote = {Provided by the SAO/NASA Astrophysics Data System}
}

@ARTICLE{Morton2016,
   author = {{Morton}, R.~J. and {Tomczyk}, S. and {Pinto}, R.~F.},
    title = "{A Global View of Velocity Fluctuations in the Corona below 1.3 R $_{⊙}$ with CoMP}",
  journal = {\apj},
archivePrefix = "arXiv",
   eprint = {1608.01831},
 primaryClass = "astro-ph.SR",
 keywords = {magnetohydrodynamics: MHD, Sun: corona, Sun: oscillations, waves},
     year = 2016,
    month = sep,
   volume = 828,
      eid = {89},
    pages = {89},
      doi = {10.3847/0004-637X/828/2/89},
   adsurl = {http://adsabs.harvard.edu/abs/2016ApJ...828...89M},
  adsnote = {Provided by the SAO/NASA Astrophysics Data System}
}

@ARTICLE{Morton2019,
   author = {{Morton}, R.~J. and {Weberg}, M.~J. and {McLaughlin}, J.~A.},
    title = "{A basal contribution from p-modes to the Alfv{\'e}nic wave flux in the Sun's corona}",
  journal = {Nature Astronomy},
archivePrefix = "arXiv",
   eprint = {1902.03811},
 primaryClass = "astro-ph.SR",
     year = 2019,
    month = jan,
   volume = 3,
    pages = {223-229},
      doi = {10.1038/s41550-018-0668-9},
   adsurl = {https://ui.adsabs.harvard.edu/abs/2019NatAs...3..223M},
  adsnote = {Provided by the SAO/NASA Astrophysics Data System}
}

@ARTICLE{Nakariakov1999,
       author = {{Nakariakov}, V.~M. and {Ofman}, L. and {Deluca}, E.~E. and
         {Roberts}, B. and {Davila}, J.~M.},
        title = "{TRACE observation of damped coronal loop oscillations: Implications for coronal heating}",
      journal = {Science},
         year = 1999,
        month = aug,
       volume = {285},
        pages = {862-864},
          doi = {10.1126/science.285.5429.862},
       adsurl = {https://ui.adsabs.harvard.edu/abs/1999Sci...285..862N},
      adsnote = {Provided by the SAO/NASA Astrophysics Data System}
}

@ARTICLE{Pascoe2013,
       author = {{Pascoe}, D.~J. and {Hood}, A.~W. and {De Moortel}, I. and {Wright}, A.~N.},
        title = "{Damping of kink waves by mode coupling. II. Parametric study and seismology}",
      journal = {\aap},
     keywords = {magnetohydrodynamics (MHD), Sun: atmosphere, Sun: corona, Sun: magnetic topology, Sun: oscillations, waves},
         year = 2013,
        month = mar,
       volume = {551},
          eid = {A40},
        pages = {A40},
          doi = {10.1051/0004-6361/201220620},
       adsurl = {https://ui.adsabs.harvard.edu/abs/2013A&A...551A..40P},
      adsnote = {Provided by the SAO/NASA Astrophysics Data System}
}

@ARTICLE{Prokopyszyn2019,
       author = {{Prokopyszyn}, A.~P.~K. and {Hood}, A.~W.},
        title = "{Investigating the damping rate of phase-mixed Alfv{\'e}n waves}",
      journal = {\aap},
     keywords = {Sun: corona, Sun: magnetic fields, magnetohydrodynamics (MHD), Sun: oscillations, waves, Astrophysics - Solar and Stellar Astrophysics},
         year = 2019,
        month = dec,
       volume = {632},
          eid = {A93},
        pages = {A93},
          doi = {10.1051/0004-6361/201936658},
archivePrefix = {arXiv},
       eprint = {1910.12510},
 primaryClass = {astro-ph.SR},
       adsurl = {https://ui.adsabs.harvard.edu/abs/2019A&A...632A..93P},
      adsnote = {Provided by the SAO/NASA Astrophysics Data System}
}

@ARTICLE{Ruderman2002,
       author = {{Ruderman}, M.~S. and {Roberts}, B.},
        title = "{The Damping of Coronal Loop Oscillations}",
      journal = {\apj},
     keywords = {Magnetohydrodynamics: MHD, Plasmas, Sun: Corona, Waves},
         year = 2002,
        month = sep,
       volume = {577},
       number = {1},
        pages = {475-486},
          doi = {10.1086/342130},
       adsurl = {https://ui.adsabs.harvard.edu/abs/2002ApJ...577..475R},
      adsnote = {Provided by the SAO/NASA Astrophysics Data System}
}

@ARTICLE{Scipy2020,
  author  = {Virtanen, Pauli and Gommers, Ralf and Oliphant, Travis E. and
            Haberland, Matt and Reddy, Tyler and Cournapeau, David and
            Burovski, Evgeni and Peterson, Pearu and Weckesser, Warren and
            Bright, Jonathan and {van der Walt}, St{\'e}fan J. and
            Brett, Matthew and Wilson, Joshua and Millman, K. Jarrod and
            Mayorov, Nikolay and Nelson, Andrew R. J. and Jones, Eric and
            Kern, Robert and Larson, Eric and Carey, C J and
            Polat, {\.I}lhan and Feng, Yu and Moore, Eric W. and
            {VanderPlas}, Jake and Laxalde, Denis and Perktold, Josef and
            Cimrman, Robert and Henriksen, Ian and Quintero, E. A. and
            Harris, Charles R. and Archibald, Anne M. and
            Ribeiro, Ant{\^o}nio H. and Pedregosa, Fabian and
            {van Mulbregt}, Paul and {SciPy 1.0 Contributors}},
  title   = {{{SciPy} 1.0: Fundamental Algorithms for Scientific
            Computing in Python}},
  journal = {Nature Methods},
  year    = {2020},
  volume  = {17},
  pages   = {261--272},
  adsurl  = {https://rdcu.be/b08Wh},
  doi     = {10.1038/s41592-019-0686-2},
}

@ARTICLE{Soler2013,
       author = {{Soler}, Roberto and {Goossens}, Marcel and {Terradas}, Jaume and {Oliver}, Ram{\'o}n},
        title = "{The Behavior of Transverse Waves in Nonuniform Solar Flux Tubes. I. Comparison of Ideal and Resistive Results}",
      journal = {\apj},
     keywords = {magnetohydrodynamics: MHD, Sun: atmosphere, Sun: magnetic fields, Sun: oscillations, waves, Astrophysics - Solar and Stellar Astrophysics},
         year = 2013,
        month = nov,
       volume = {777},
       number = {2},
          eid = {158},
        pages = {158},
          doi = {10.1088/0004-637X/777/2/158},
archivePrefix = {arXiv},
       eprint = {1309.3423},
 primaryClass = {astro-ph.SR},
       adsurl = {https://ui.adsabs.harvard.edu/abs/2013ApJ...777..158S},
      adsnote = {Provided by the SAO/NASA Astrophysics Data System}
}

@ARTICLE{Terradas2006,
       author = {{Terradas}, J. and {Oliver}, R. and {Ballester}, J.~L.},
        title = "{Damped Coronal Loop Oscillations: Time-dependent Results}",
      journal = {\apj},
     keywords = {Magnetohydrodynamics: MHD, Sun: Corona, Sun: Magnetic Fields, Waves},
         year = 2006,
        month = may,
       volume = {642},
       number = {1},
        pages = {533-540},
          doi = {10.1086/500730},
       adsurl = {https://ui.adsabs.harvard.edu/abs/2006ApJ...642..533T},
      adsnote = {Provided by the SAO/NASA Astrophysics Data System}
}

@ARTICLE{Thompson1993,
       author = {{Thompson}, Michael J. and {Wright}, Andrew N.},
        title = "{Resonant Alfv{\'e}n wave excitation in two-dimensional systems: Singularities in partial differential equations}",
      journal = {\jgr},
     keywords = {Cold Plasmas, Magnetic Fields, Magnetohydrodynamic Waves, Resonance, Boundary Conditions, Partial Differential Equations, Singularity (Mathematics), Plasma Physics, Space Plasma Physics: Experimental and mathematical techniques, Space Plasma Physics: Kinetic and MHD theory, Space Plasma Physics: Waves and instabilities, Space Plasma Physics: Wave/wave interactions},
         year = 1993,
        month = sep,
       volume = {98},
       number = {A9},
        pages = {15541-15552},
          doi = {10.1029/93JA00791},
       adsurl = {https://ui.adsabs.harvard.edu/abs/1993JGR....9815541T},
      adsnote = {Provided by the SAO/NASA Astrophysics Data System}
}

@ARTICLE{Tomczyk2007,
   author = {{Tomczyk}, S. and {McIntosh}, S.~W. and {Keil}, S.~L. and {Judge}, P.~G. and 
	{Schad}, T. and {Seeley}, D.~H. and {Edmondson}, J.},
    title = "{Alfv{\'e}n Waves in the Solar Corona}",
  journal = {Science},
     year = 2007,
    month = aug,
   volume = 317,
    pages = {1192},
      doi = {10.1126/science.1143304},
   adsurl = {http://adsabs.harvard.edu/abs/2007Sci...317.1192T},
  adsnote = {Provided by the SAO/NASA Astrophysics Data System}
}

@ARTICLE{Wright1994,
   author = {{Wright}, Andrew N. and {Thompson}, Michael J.},
    title = "{Analytical treatment of Alfv{\'e}n resonances and singularities in nonuniform magnetoplasmas}",
  journal = {Physics of Plasmas},
     year = 1994,
    month = mar,
   volume = {1},
   number = {3},
    pages = {691-705},
      doi = {10.1063/1.870815},
   adsurl = {https://ui.adsabs.harvard.edu/abs/1994PhPl....1..691W},
  adsnote = {Provided by the SAO/NASA Astrophysics Data System}
}

@ARTICLE{Wright1996,
       author = {{Wright}, Andrew N. and {Allan}, W.},
        title = "{Structure, phase motion, and heating within Alfv{\'e}n resonances}",
      journal = {\jgr},
     keywords = {Interplanetary Physics: MHD waves and turbulence, Magnetospheric Physics: MHD waves and instabilities, Space Plasma Physics: Kinetic and MHD theory, Space Plasma Physics: Waves and instabilities},
         year = 1996,
        month = aug,
       volume = {101},
       number = {A8},
        pages = {17399-17408},
          doi = {10.1029/96JA01141},
       adsurl = {https://ui.adsabs.harvard.edu/abs/1996JGR...10117399W},
      adsnote = {Provided by the SAO/NASA Astrophysics Data System}
}

@BOOK{Priest2014,
   author = {{Priest}, E.},
    title = "{Magnetohydrodynamics of the Sun}",
booktitle = {Magnetohydrodynamics of the Sun, by Eric Priest, Cambridge, UK: Cambridge University Press, 2014},
     year = 2014,
    month = may,
    publisher = {Cambridge University Press},
   adsurl = {http://adsabs.harvard.edu/abs/2014masu.book.....P},
  adsnote = {Provided by the SAO/NASA Astrophysics Data System}
}

@inbook{roberts_2019, place={Cambridge}, title={Surface Waves}, DOI={10.1017/9781108613774.005}, booktitle={MHD Waves in the Solar Atmosphere}, publisher={Cambridge University Press}, author={Roberts, Bernard}, year={2019}, pages={83–101}}